<?xml version="1.0" encoding="UTF-8"?>
<record xmlns="http://www.loc.gov/MARC21/slim" xmlns:xsi="http://www.w3.org/2001/XMLSchema-instance" xsi:schemaLocation="http://www.loc.gov/MARC21/slim http://www.loc.gov/standards/marcxml/schema/MARC21slim.xsd">
<leader>00000cam a22      a 4500</leader>
<controlfield tag="001">003054675</controlfield>
<controlfield tag="003">NNU</controlfield>
<controlfield tag="005">20150707170500.0</controlfield>
<controlfield tag="008">941012s1925    ua            000 0 ara d</controlfield>
<datafield tag="035" ind1=" " ind2=" ">
<subfield code="a">(OCoLC)31269309</subfield>
</datafield>
<datafield tag="040" ind1=" " ind2=" ">
<subfield code="a">CLE</subfield>
<subfield code="b">eng</subfield>
<subfield code="c">CLE</subfield>
<subfield code="d">OCLCQ</subfield>
<subfield code="d">OCLCG</subfield>
<subfield code="d">OCLCQ</subfield>
<subfield code="d">OCLCF</subfield>
<subfield code="d">OCLCQ</subfield>
<subfield code="d">NNU</subfield>
</datafield>
<datafield tag="050" ind1=" " ind2="4">
<subfield code="a">D16.7</subfield>
<subfield code="b">.I3554 1925</subfield>
</datafield>
<datafield tag="082" ind1="0" ind2="4">
<subfield code="a">892.7</subfield>
<subfield code="b">Ib54z87</subfield>
</datafield>
<datafield tag="100" ind1="1" ind2=" ">
<subfield code="6">880-01</subfield>
<subfield code="a">Ḥusayn, Ṭāhā,</subfield>
<subfield code="d">1889-1973.</subfield>
</datafield>
<datafield tag="245" ind1="1" ind2="0">
<subfield code="6">880-02</subfield>
<subfield code="a">Falsafat Ibn Khaldūn al-ijtimāʻīyah :</subfield>
<subfield code="b">taḥlīl wa-naqd /</subfield>
<subfield code="c">waḍaʻahu bi-al-Faransīyah Ṭāhā Ḥusayn wa-naqalahu ilá al-ʻArabīyah Muḥammad ʻAbd Allāh ʻInān.</subfield>
</datafield>
<datafield tag="250" ind1=" " ind2=" ">
<subfield code="6">880-03</subfield>
<subfield code="a">al-Ṭabʻah 1.</subfield>
</datafield>
<datafield tag="260" ind1=" " ind2=" ">
<subfield code="6">880-04</subfield>
<subfield code="a">[Cairo] :</subfield>
<subfield code="b">Maṭbaʻat al-Iʻtimād,</subfield>
<subfield code="c">1925.</subfield>
</datafield>
<datafield tag="300" ind1=" " ind2=" ">
<subfield code="a">184 pages ;</subfield>
<subfield code="c">25 cm</subfield>
</datafield>
<datafield tag="336" ind1=" " ind2=" ">
<subfield code="a">text</subfield>
<subfield code="b">txt</subfield>
<subfield code="2">rdacontent</subfield>
</datafield>
<datafield tag="337" ind1=" " ind2=" ">
<subfield code="a">unmediated</subfield>
<subfield code="b">n</subfield>
<subfield code="2">rdamedia</subfield>
</datafield>
<datafield tag="338" ind1=" " ind2=" ">
<subfield code="a">volume</subfield>
<subfield code="b">nc</subfield>
<subfield code="2">rdacarrier</subfield>
</datafield>
<datafield tag="500" ind1=" " ind2=" ">
<subfield code="a">Followed by "Ibn Khaldūn, muʼarrikh al-ḥaḍārah al-ʻArabīyah fī al-qarn al-rābiʻ ʻashar = Ibn Khaldoun, ein arabischer Kulturhistoriker von 14. Jahrhunderts / von O.G. von Wesendonk": pages [166]-181.</subfield>
</datafield>
<datafield tag="530" ind1=" " ind2=" ">
<subfield code="a">Also issued online.</subfield>
</datafield>
<datafield tag="600" ind1="0" ind2="0">
<subfield code="a">Ibn Khaldūn,</subfield>
<subfield code="d">1332-1406</subfield>
<subfield code="6">880-05</subfield>
</datafield>
<datafield tag="600" ind1="0" ind2="7">
<subfield code="a">Ibn Khaldūn,</subfield>
<subfield code="d">1332-1406</subfield>
<subfield code="2">fast</subfield>
<subfield code="0">(OCoLC)fst00017753</subfield>
</datafield>
<datafield tag="700" ind1="1" ind2=" ">
<subfield code="a">Wesendonk, O. G. von</subfield>
<subfield code="q">(Otto Günther),</subfield>
<subfield code="d">1885-1933.</subfield>
</datafield>
<datafield tag="700" ind1="1" ind2=" ">
<subfield code="6">880-06</subfield>
<subfield code="a">ʻInān, Muḥammad ʻAbd Allāh,</subfield>
<subfield code="d">1896-</subfield>
</datafield>
<datafield tag="740" ind1="0" ind2=" ">
<subfield code="6">880-07</subfield>
<subfield code="a">Ibn Khaldūn : muʼarrikh al-ḥaḍārah al-ʻArabī fī al-qarn al-rābiʻ ʻashar.</subfield>
</datafield>
<datafield tag="776" ind1="0" ind2="8">
<subfield code="i">Online version:</subfield>
<subfield code="a">Ḥusayn, Ṭāhā, 1889-1973.</subfield>
<subfield code="t">Falsafat Ibn Khaldūn al-ijtimāʻīyah.</subfield>
<subfield code="b">al-Ṭabʻah 1.</subfield>
<subfield code="d">[Cairo] : Maṭbaʻat al-Iʻtimād, 1925</subfield>
<subfield code="w">(OCoLC)630115068</subfield>
</datafield>
<datafield tag="880" ind1="1" ind2=" ">
<subfield code="6">100-01/</subfield>
<subfield code="a">‏حسين، طه،‏,</subfield>
<subfield code="d">‏1889-1973.</subfield>
</datafield>
<datafield tag="880" ind1="1" ind2="0">
<subfield code="6">245-02/</subfield>
<subfield code="a">‏فلسفة ابن خلدون الاجتماعية :‏</subfield>
<subfield code="b">‏تحليل ونقد /‏</subfield>
<subfield code="c">‏وضعه بالفرنسية طه حسين، ونقله الى العربية محمد عبد الله عنان.</subfield>
</datafield>
<datafield tag="880" ind1=" " ind2=" ">
<subfield code="6">250-03/</subfield>
<subfield code="a">‏الطبعة 1.</subfield>
</datafield>
<datafield tag="880" ind1=" " ind2=" ">
<subfield code="6">260-04/</subfield>
<subfield code="a">‏[القاهرة] :‏</subfield>
<subfield code="b">‏مطبعة الاعتماد،‏</subfield>
<subfield code="c">1925.</subfield>
</datafield>
<datafield tag="880" ind1="0" ind2="4">
<subfield code="6">600-05/</subfield>
<subfield code="a">ابن خلدون،</subfield>
<subfield code="d">1332-1406.</subfield>
</datafield>
<datafield tag="880" ind1="1" ind2=" ">
<subfield code="6">700-06/</subfield>
<subfield code="a">‏عنان، محمد عبد الله،‏</subfield>
<subfield code="d">1896-</subfield>
</datafield>
<datafield tag="880" ind1="0" ind2=" ">
<subfield code="6">740-07/</subfield>
<subfield code="a">‏ابن خلدون : مؤرخ الحضارة العربي في القرن الرابع عشر.</subfield>
</datafield>
<datafield tag="994" ind1=" " ind2=" ">
<subfield code="a">C0</subfield>
<subfield code="b">ZYU</subfield>
</datafield>
<datafield tag="OWN" ind1=" " ind2=" ">
<subfield code="a">GENERAL</subfield>
</datafield>
<datafield tag="AVA" ind1=" " ind2=" ">
<subfield code="a">NYU50</subfield>
<subfield code="b">BOBST</subfield>
<subfield code="c">Main Collection</subfield>
<subfield code="d">D16.7 .I3554 1925</subfield>
<subfield code="e">unavailable</subfield>
<subfield code="t">Unavailable</subfield>
<subfield code="f">1</subfield>
<subfield code="g">1</subfield>
<subfield code="h">N</subfield>
<subfield code="i">0</subfield>
<subfield code="j">MAIN</subfield>
</datafield>
</record>
